@article{blum1996nlogn,
  title={An O(nlogn) implementation of the standard method for minimizing n-state finite automata},
  author={Blum, Norbert},
  journal={Information Processing Letters},
  volume={57},
  number={2},
  pages={65--69},
  year={1996},
  publisher={Elsevier}
}

@article{hopcroft1971n,
  title={AN/N LOG N ALGORITHM FOR MINIMIZING STATES IN kF IN ITE AUTOMATON},
  author={Hopcroft, John},
  year={1971}
}

@misc{lash,
  title={\href{https://goo.gl/k9kT1L}{Lash toolset}},
  author={Bernard Boigelot}
}

@Manual{monamanual2001,
  author =       {Nils Klarlund and Anders M{\o}ller},
  title =        {{MONA Version 1.4 User Manual}},
  organization = {BRICS, Department of Computer Science, Aarhus University},
  month =        {January},
  year =         {2001},
  note =         {Notes Series NS-01-1.
                  Available from \texttt{\small http://www.brics.dk/mona/}. 
                  Revision of BRICS NS-98-3}
}

@inproceedings{KlaEtAl:Mona,
  AUTHOR = {J.G. Henriksen and
    Jensen,J. and J{\o}rgensen, M. and
    Klarlund, N. and Paige, B. and Rauhe, T. and Sandholm, A.},
        BOOKTITLE = {Tools and Algorithms for the Construction and
            Analysis of Systems,
    First International Workshop, TACAS '95, LNCS 1019},  
  TITLE = {Mona: Monadic Second-order logic in practice},
  YEAR = {1995},
}

% A trier

@article{ginsburg1966semigroups,
  title={Semigroups, Presburger formulas, and languages},
  author={Ginsburg, Seymour and Spanier, Edwin},
  journal={Pacific journal of Mathematics},
  volume={16},
  number={2},
  pages={285--296},
  year={1966},
  publisher={Mathematical Sciences Publishers}
}

@book{pugh1994counting,
  title={Counting solutions to presburger formulas: How and why},
  author={Pugh, William},
  volume={29},
  number={6},
  year={1994},
  publisher={ACM}
}

@inproceedings{chaieb2005verifying,
  title={Verifying and reflecting quantifier elimination for Presburger arithmetic},
  author={Chaieb, Amine and Nipkow, Tobias},
  booktitle={International Conference on Logic for Programming Artificial Intelligence and Reasoning},
  pages={367--380},
  year={2005},
  organization={Springer}
}

@phdthesis{couvreur2004contributiona,
  title={Contributiona lâ€™algorithmique de la v{\'e}rification},
  author={Couvreur, Jean-Michel},
  year={2004},
  school={Universit{\'e} Bordeaux I}
}

@inproceedings{DBLP:conf/wia/Couvreur04,
  author    = {Jean{-}Michel Couvreur},
  title     = {A BDD-Like Implementation of an Automata Package},
  booktitle = {Implementation and Application of Automata, 9th International Conference,
               {CIAA} 2004, Kingston, Canada, July 22-24, 2004, Revised Selected
               Papers},
  pages     = {310--311},
  year      = {2004},
  url       = {http://dx.doi.org/10.1007/978-3-540-30500-2_30},
  doi       = {10.1007/978-3-540-30500-2_30},
  timestamp = {Fri, 22 Nov 2013 12:57:23 +0100},
  biburl    = {http://dblp.uni-trier.de/rec/bib/conf/wia/Couvreur04},
  bibsource = {dblp computer science bibliography, http://dblp.org}
}

@article{oppen1978222pn,
  title={A 222pn upper bound on the complexity of Presburger arithmetic},
  author={Oppen, Derek C},
  journal={Journal of Computer and System Sciences},
  volume={16},
  number={3},
  pages={323--332},
  year={1978},
  publisher={Elsevier}
}
